@book{ecos_ref,
  AUTHOR	= {{Free Software Foundation}},
  TITLE		= {eCos Reference},
  YEAR 		= {2009},
  NOTE		= {Online unter: \url{http://ecos.sourceware.org/ecos/docs-latest/ref/ecos-ref.html} [2. Dezember 2010]}
}

@book{gcc_manual,
  AUTHOR	= {{Free Software Foundation}},
  TITLE		= {Using the GNU Compiler Collection},
  YEAR 		= {2008},
  NOTE		= {Online unter: \url{http://gcc.gnu.org/onlinedocs/} [12. Januar 2010]}
}

@book{ecos_book,
  AUTHOR	= {{Anthony Massa}},
  TITLE		= {Embedded Software Development with eCos},
  YEAR 		= {2003},
  PUBLISHER     = {Prentice Hall}
}

@book{rtos_choose,
  AUTHOR	= {{Bob Zeidman}},
  TITLE		= {How to choose an RTOS for your FPGA and ASIC designs},
  YEAR 		= {2007},
  NOTE		= {Online unter: \url{http://www.eetimes.com/design/programmable-logic/4015109/How-to-choose-an-RTOS-for-your-FPGA-and-ASIC-designs?pageNumber=0} [21. Januar 2010]}
}

@book{wince_rtos,
  AUTHOR	= {{Dedicated Systems}},
  TITLE		= {Windows Embedded CE6.0 R2 on an x86 platform},
  YEAR 		= {2009},
  NOTE		= {Online unter: \url{http://download.microsoft.com/download/D/A/C/DAC6D6D0-07EC-4954-95D3-55273C1524D7/Independent%20Real-Time%20Report%20for%20Windows%20Embedded.pdf} [23. Januar 2010]}
}

@book{manualat91rm9200,
  AUTHOR	= {{Atmel Corporation}},
  TITLE		= {Handbuch AT91RM9200},
  YEAR 		= {2005},
  NOTE		= {Kopie ist auf beigelegter CD zu finden}
}

@book{stroustrup,
  AUTHOR	= {{Bjarne Stroustrup}},
  TITLE		= {Die C++ Programmiersprache},
  YEAR 		= {2000},
  PUBLISHER     = {Addison-Wesley}
}

@book{kernighanritchie,
  AUTHOR	= {{Brian Kernighan} and {Dennis Ritchie}},
  TITLE		= {The C Programming Language},
  YEAR 		= {1988},
  PUBLISHER     = {Prentice Hall}
}

@book{compile,
  AUTHOR	= {{Tenouk}},
  TITLE		= {Compiler, Assembler, Linker and Loader: A Brief Story},
  YEAR 		= {2009},
  NOTE		= {Online unter: \url{http://www.tenouk.com/ModuleW.html} [20. August 2010]}
}

@book{tbinformatik,
  AUTHOR	= {Uwe Schneider and Dieter Werner},
  TITLE		= {Taschenbuch der Informatik},
  YEAR 		= {2004},
  PUBLISHER     = {Fachbuchverlag Leipzig}
}

@book{tannenbaum,
  AUTHOR	= {{Andrew Tanenbaum}},
  TITLE		= {Moderne Betriebssysteme},
  YEAR 		= {2003},
  PUBLISHER     = {Prentice Hall}
}

@book{rt_linux,
  AUTHOR	= {{Linux RTwiki}},
  TITLE		= {RT Linux Benchmark},
  YEAR 		= {2010},
  NOTE		= {Online unter: \url{https://rt.wiki.kernel.org/index.php/Cyclictest#Expected_Results} [3. Februar 2010}}
}
