@MISC{CCBYSA,
    AUTHOR	    = {{Creative Commons}},
    TITLE	    = {CC-BY-SA Lizenz},
    MONTH       = {},
    YEAR        = {},
    NOTE	    = {Online unter: \url{http://creativecommons.org/licenses/by-sa/3.0/deed.de}}
}

% TODO: Sollte das raus?!
@MISC{github,
    AUTHOR	    = {{Martin Wichmann}},
    TITLE	    = {Master-Arbeit Github Repository},
    MONTH       = {},
    YEAR        = {},
    NOTE	    = {Online unter: \url{https://github.com/erebos42/Documents/tree/master/Master_Thesis}}
}

@BOOK{hypervisor,
    AUTHOR	    = {{Robert Goldberg}},
    TITLE		= {Architectural Principles for Virtual Computer Systems},
    PUBLISHER   = {Harvard University},
    MONTH       = {},
    YEAR        = {1973},
    VOLUME      = {},
    SERIES      = {},
    ADDRESS     = {},
    EDITION     = {},
    ISBN        = {},
    NOTE		= {Online unter: \url{http://www.dtic.mil/cgi-bin/GetTRDoc?AD=AD772809&Location=U2&doc=GetTRDoc.pdf} [8.10.2012]}
}

@MISC{wiki:emb_hyp,
    AUTHOR	    = {{Wikipedia}},
    TITLE	    = {Embedded hypervisor --- Wikipedia{,} The Free Encyclopedia},
    MONTH       = {},
    YEAR        = {2012},
    URL         = {http://en.wikipedia.org/w/index.php?title=Embedded_hypervisor&oldid=503962813},
    NOTE	    = {[Online; 31 Oktober 2012]}
}

@BOOK{os_multicore,
    AUTHOR	    = {{Nicolas Navet} and {Aurélien Monot} and {Bernard Bavoux} and {Françoise Simonot-Lion}},
    TITLE		= {Multi-source and multicore automotive ECUs - OS protection mechanisms and scheduling},
    PUBLISHER   = {},
    MONTH       = {},
    YEAR        = {},
    VOLUME      = {},
    SERIES      = {},
    ADDRESS     = {},
    EDITION     = {},
    ISBN        = {},
    NOTE		= {Online unter: \url{http://ieeexplore.ieee.org/stamp/stamp.jsp?tp=&arnumber=5637677} [8.10.2012]}
}

@BOOK{two_lvl_sched,
    AUTHOR	    = {{Robert Kaiser} and {Dieter Zöbel}},
    TITLE		= {Quantitative Analysis and Systematic Parametrization of a Two-Level Real-Time Scheduler},
    PUBLISHER   = {},
    MONTH       = {},
    YEAR        = {},
    VOLUME      = {},
    SERIES      = {},
    ADDRESS     = {},
    EDITION     = {},
    ISBN        = {},
    NOTE		= {Online unter: \url{http://ieeexplore.ieee.org/stamp/stamp.jsp?arnumber=05347110} [8.10.2012]}
}

@BOOK{emb_virt,
    AUTHOR	    = {{Gernot Heiser}},
    TITLE		= {The Role of Virtualization in Embedded Systems},
    PUBLISHER   = {},
    MONTH       = {},
    YEAR        = {},
    VOLUME      = {},
    SERIES      = {},
    ADDRESS     = {},
    EDITION     = {},
    ISBN        = {},
    NOTE		= {Online unter: \url{http://nicta.com.au/pub?doc=533} [8.10.2012]}
}

@BOOK{emb_virt_ibm,
    AUTHOR	    = {{M. Tim Jones}},
    TITLE		= {Virtualization for embedded systems - The how and why of small-device hypervisors},
    PUBLISHER   = {},
    MONTH       = {},
    YEAR        = {},
    VOLUME      = {},
    SERIES      = {},
    ADDRESS     = {},
    EDITION     = {},
    ISBN        = {},
    NOTE		= {Online unter: \url{http://www.ibm.com/developerworks/linux/library/l-embedded-virtualization/index.html} [8.10.2012]}
}

@BOOK{virt_auto_outlook,
    AUTHOR	    = {{Nicolas Navet} and {Bertrand Delord} and {Markus Baumeister}},
    TITLE		= {Virtualization in Automotive Embedded Systems - an Outlook},
    PUBLISHER   = {},
    MONTH       = {},
    YEAR        = {},
    VOLUME      = {},
    SERIES      = {},
    ADDRESS     = {},
    EDITION     = {},
    ISBN        = {},
    NOTE		= {Online unter: \url{https://www.realtimeatwork.com/wp-content/uploads/RTS10_virtualization_bw.pdf} [8.10.2012]}
}

@BOOK{virt_cars,
    AUTHOR	    = {{Jan Pelzl} and {Marko Wolf} and {Thomas Wollinger}},
    TITLE		= {Virtualization Technologies for Cars - Solutions to increase safety and security of vehicular ECUs},
    PUBLISHER   = {},
    MONTH       = {},
    YEAR        = {},
    VOLUME      = {},
    SERIES      = {},
    ADDRESS     = {},
    EDITION     = {},
    ISBN        = {},
    NOTE		= {Online unter: \url{http://marko-wolf.de/files/PeWoWo08_ECU_Virtualization_EN.pdf} [8.10.2012]}
}

@BOOK{SE_Autosar,
    AUTHOR	    = {{Olaf Kindel} and {Mario Driedrich}},
    TITLE		= {Softwareentwicklung mit Autosar: Grundlagen, Engineering, Management in der Praxis},
    PUBLISHER   = {dpunkt.verlag},
    MONTH       = {},
    YEAR        = {2009},
    VOLUME      = {},
    SERIES      = {},
    ADDRESS     = {},
    EDITION     = {},
    ISBN        = {},
    NOTE		= {}
}

@BOOK{ZimmermannSchmidgall201011,
    AUTHOR	    = {{Werner Zimmermann} and {Ralf Schmidgall}},
    TITLE		= {Bussysteme in der Fahrzeugtechnik: Protokolle, Standards und Softwarearchitektur},
    PUBLISHER   = {Vieweg+Teubner Verlag},
    MONTH       = {},
    YEAR        = {2011},
    VOLUME      = {},
    SERIES      = {},
    ADDRESS     = {},
    EDITION     = {4, akt. und erw. Aufl. 2011},
    ISBN        = {978-3834809070},
    NOTE		= {}
}

@BOOK{autosar_eth,
    AUTHOR	    = {{AUTOSAR}},
    TITLE		= {Specification of Ethernet Interface},
    PUBLISHER   = {},
    MONTH       = {},
    YEAR        = {},
    VOLUME      = {},
    SERIES      = {},
    ADDRESS     = {},
    EDITION     = {},
    ISBN        = {},
    NOTE		= {Teil von Autosar 4.0; Online unter: \url{http://autosar.org/download/R4.0/AUTOSAR_SWS_EthernetInterface.pdf} [6.11.2012]}
}

@BOOK{autosar_techoverview,
    AUTHOR	    = {{AUTOSAR}},
    TITLE		= {Technical Overview},
    PUBLISHER   = {},
    MONTH       = {},
    YEAR        = {},
    VOLUME      = {},
    SERIES      = {},
    ADDRESS     = {},
    EDITION     = {},
    ISBN        = {},
    NOTE		= {Teil von Autosar 3.1; Online unter: \url{http://autosar.org/download/R3.1/AUTOSAR_TechnicalOverview.pdf} [14.11.2012]}
}

@BOOK{autosar_layer,
    AUTHOR	    = {{AUTOSAR}},
    TITLE		= {Layered Software Architecture},
    PUBLISHER   = {},
    MONTH       = {},
    YEAR        = {},
    VOLUME      = {},
    SERIES      = {},
    ADDRESS     = {},
    EDITION     = {},
    ISBN        = {},
    NOTE		= {Teil von Autosar 3.1; Online unter: \url{http://autosar.org/download/R3.1/AUTOSAR_LayeredSoftwareArchitecture.pdf} [14.11.2012]}
}

@BOOK{iso26262,
    AUTHOR	    = {{Peter Löw} and {Roland Pabst} and {Erwin Petry}},
    TITLE		= {Funktionale Sicherheit in der Praxis},
    PUBLISHER   = {dpunkt.verlag},
    MONTH       = {},
    YEAR        = {2010},
    VOLUME      = {},
    SERIES      = {},
    ADDRESS     = {},
    EDITION     = {},
    ISBN        = {},
    NOTE		= {}
}

@BOOK{iso26262_robuste,
    AUTHOR	    = {{Martin Wichmann}},
    TITLE		= {Robuste Systeme - ISO 26262},
    PUBLISHER   = {},
    MONTH       = {},
    YEAR        = {2012},
    VOLUME      = {},
    SERIES      = {},
    ADDRESS     = {},
    EDITION     = {},
    ISBN        = {},
    NOTE		= {Online unter: \url{https://github.com/erebos42/Documents/tree/master/ISO_26262}}
}

@BOOK{BGH_Urteil,
    AUTHOR	    = {TODO},
    TITLE		= {Gerichtsurteil},
    PUBLISHER   = {},
    MONTH       = {},
    YEAR        = {2009},
    VOLUME      = {},
    SERIES      = {},
    ADDRESS     = {},
    EDITION     = {},
    ISBN        = {},
    NOTE		= {Online unter: \url{http://openjur.de/u/72232.html} [17.12.2012]}
}

@BOOK{ProdG,
    AUTHOR	    = {TODO},
    TITLE		= {Gesetz über die Haftung für fehlerhafte Produkte – ProdHaftG},
    PUBLISHER   = {},
    MONTH       = {},
    YEAR        = {},
    VOLUME      = {},
    SERIES      = {},
    ADDRESS     = {},
    EDITION     = {},
    ISBN        = {},
    NOTE		= {Online unter: \url{http://www.gesetze-im-internet.de/prodhaftg/__1.html} [17.12.2012]}
}


