@book{CCBYSA,
  AUTHOR	= {{Creative Commons}},
  TITLE		= {CC-BY-SA Lizenz},
  NOTE		= {Online unter: \url{http://creativecommons.org/licenses/by-sa/3.0/deed.de}}
}
